@article{pfeil20124,
  title={Is a 4-bit synaptic weight resolution enough?--constraints on enabling spike-timing dependent plasticity in neuromorphic hardware},
  author={Pfeil, Thomas and Potjans, Tobias C and Schrader, Sven and Potjans, Wiebke and Schemmel, Johannes and Diesmann, Markus and Meier, Karlheinz},
  journal={Frontiers in neuroscience},
  volume={6},
  pages={90},
  year={2012},
  publisher={Frontiers}
}

@article{furber2016large,
  title={Large-scale neuromorphic computing systems},
  author={Furber, Steve},
  journal={Journal of neural engineering},
  volume={13},
  number={5},
  pages={051001},
  year={2016},
  publisher={IOP Publishing}
}

@article{panzeri2001role,
  title={The role of spike timing in the coding of stimulus location in rat somatosensory cortex},
  author={Panzeri, Stefano and Petersen, Rasmus S and Schultz, Simon R and Lebedev, Michael and Diamond, Mathew E},
  journal={Neuron},
  volume={29},
  number={3},
  pages={769--777},
  year={2001},
  publisher={Elsevier}
}

@article{merolla2014million,
  title={A million spiking-neuron integrated circuit with a scalable communication network and interface},
  author={Merolla, Paul A and Arthur, John V and Alvarez-Icaza, Rodrigo and Cassidy, Andrew S and Sawada, Jun and Akopyan, Filipp and Jackson, Bryan L and Imam, Nabil and Guo, Chen and Nakamura, Yutaka and others},
  journal={Science},
  volume={345},
  number={6197},
  pages={668--673},
  year={2014},
  publisher={American Association for the Advancement of Science}
}

@article{davies2018loihi,
  title={Loihi: A neuromorphic manycore processor with on-chip learning},
  author={Davies, Mike and Srinivasa, Narayan and Lin, Tsung-Han and Chinya, Gautham and Cao, Yongqiang and Choday, Sri Harsha and Dimou, Georgios and Joshi, Prasad and Imam, Nabil and Jain, Shweta and others},
  journal={{IEEE Micro}},
  volume={38},
  number={1},
  pages={82--99},
  year={2018},
  publisher={IEEE}
}

@inproceedings{shainline2018largest,
  title={The largest cognitive systems will be optoelectronic},
  author={Shainline, Jeffrey M},
  booktitle={2018 IEEE International Conference on Rebooting Computing (ICRC)},
  pages={1--10},
  year={2018},
  organization={IEEE}
}

@article{shainline2017superconducting,
  title={Superconducting optoelectronic circuits for neuromorphic computing},
  author={Shainline, Jeffrey M and Buckley, Sonia M and Mirin, Richard P and Nam, Sae Woo},
  journal={Physical Review Applied},
  volume={7},
  number={3},
  pages={034013},
  year={2017},
  publisher={APS}
}

@article{mead1990neuromorphic,
  title={Neuromorphic electronic systems},
  author={Mead, Carver},
  journal={Proceedings of the IEEE},
  volume={78},
  number={10},
  pages={1629--1636},
  year={1990},
  publisher={IEEE}
}

@inproceedings{akima2014majority,
  title={Majority neuron circuit having large fan-in with non-volatile synaptic weight},
  author={Akima, Hisanao and Katayama, Yasuhiro and Nakajima, Koji and Sakuraba, Masao and Sato, Shigeo},
  booktitle={2014 International Joint Conference on Neural Networks (IJCNN)},
  pages={4266--4271},
  year={2014},
  organization={IEEE}
}

@article{dowrick2018fan,
  title={Fan-in analysis of a leaky integrator circuit using charge transfer synapses},
  author={Dowrick, Thomas and McDaid, Liam and Hall, Stephen},
  journal={Neurocomputing},
  volume={314},
  pages={78--85},
  year={2018},
  publisher={Elsevier}
}

@article{sourikopoulos20174,
  title={A 4-fJ/spike artificial neuron in 65 nm CMOS technology},
  author={Sourikopoulos, Ilias and Hedayat, Sara and Loyez, Christophe and Danneville, Fran{\c{c}}ois and Hoel, Virginie and Mercier, Eric and Cappy, Alain},
  journal={Frontiers in neuroscience},
  volume={11},
  pages={123},
  year={2017},
  publisher={Frontiers}
}

@article{shainline2019superconducting,
  title={Superconducting optoelectronic loop neurons},
  author={Shainline, Jeffrey M and Buckley, Sonia M and McCaughan, Adam N and Chiles, Jeffrey T and Jafari Salim, Amir and Castellanos-Beltran, Manuel and Donnelly, Christine A and Schneider, Michael L and Mirin, Richard P and Nam, Sae Woo},
  journal={Journal of Applied Physics},
  volume={126},
  number={4},
  pages={044902},
  year={2019},
  publisher={AIP Publishing LLC}
}

@ARTICLE{sh2018,
	AUTHOR =       {J.M. Shainline and S.M. Buckley and A.N. McCaughan and J. Chiles and A. Jafari-Salim and R.P. Mirin and S.W. Nam},
	TITLE =        {Circuit designs for superconducting optoelectronic loop neurons},
	JOURNAL =      {J. Appl. Phys.},
	YEAR =         {2018},
	pages =        {152130},
}

@article{miller2017attojoule,
  title={Attojoule optoelectronics for low-energy information processing and communications},
  author={Miller, David AB},
  journal={Journal of Lightwave Technology},
  volume={35},
  number={3},
  pages={346--396},
  year={2017},
  publisher={IEEE}
}

@article{ielmini2018brain,
  title={Brain-inspired computing with resistive switching memory (RRAM): Devices, synapses and neural networks},
  author={Ielmini, Daniele},
  journal={Microelectronic Engineering},
  volume={190},
  pages={44--53},
  year={2018},
  publisher={Elsevier}
}

@article{yin2019monolithically,
  title={Monolithically integrated RRAM-and CMOS-based in-memory computing optimizations for efficient deep learning},
  author={Yin, Shihui and Kim, Yulhwa and Han, Xu and Barnaby, Hugh and Yu, Shimeng and Luo, Yandong and He, Wangxin and Sun, Xiaoyu and Kim, Jae-Joon and Seo, Jae-sun},
  journal={IEEE Micro},
  volume={39},
  number={6},
  pages={54--63},
  year={2019},
  publisher={IEEE}
}

@article{zahoor2020resistive,
  title={Resistive random access memory (RRAM): an overview of materials, switching mechanism, performance, multilevel cell (MLC) storage, modeling, and applications},
  author={Zahoor, Furqan and Azni Zulkifli, Tun Zainal and Khanday, Farooq Ahmad},
  journal={Nanoscale research letters},
  volume={15},
  pages={1--26},
  year={2020},
  publisher={Springer}
}

@article{dalgaty2019hybrid,
  title={Hybrid neuromorphic circuits exploiting non-conventional properties of RRAM for massively parallel local plasticity mechanisms},
  author={Dalgaty, Thomas and Payvand, Melika and Moro, Filippo and Ly, Denys RB and Pebay-Peyroula, Florian and Casas, Jerome and Indiveri, Giacomo and Vianello, Elisa},
  journal={APL Materials},
  volume={7},
  number={8},
  pages={081125},
  year={2019},
  publisher={AIP Publishing LLC}
}

@article{derose2011ultra,
  title={Ultra compact 45 GHz CMOS compatible Germanium waveguide photodiode with low dark current},
  author={DeRose, Christopher T and Trotter, Douglas C and Zortman, William A and Starbuck, Andrew L and Fisher, Moz and Watts, Michael R and Davids, Paul S},
  journal={Optics express},
  volume={19},
  number={25},
  pages={24897--24904},
  year={2011},
  publisher={Optical Society of America}
}

@article{ramakrishnan2011floating,
  title={Floating gate synapses with spike-time-dependent plasticity},
  author={Ramakrishnan, Shubha and Hasler, Paul E and Gordon, Christal},
  journal={IEEE Transactions on Biomedical Circuits and Systems},
  volume={5},
  number={3},
  pages={244--252},
  year={2011},
  publisher={IEEE}
}

@incollection{diorio1998floating,
  title={Floating-gate MOS synapse transistors},
  author={Diorio, Chris and Hasler, Paul and Minch, Bradley A and Mead, Carver},
  booktitle={Neuromorphic Systems Engineering},
  pages={315--337},
  year={1998},
  publisher={Springer}
}

@article{ambrogio2016unsupervised,
  title={Unsupervised learning by spike timing dependent plasticity in phase change memory (PCM) synapses},
  author={Ambrogio, Stefano and Ciocchini, Nicola and Laudato, Mario and Milo, Valerio and Pirovano, Agostino and Fantini, Paolo and Ielmini, Daniele},
  journal={Frontiers in neuroscience},
  volume={10},
  pages={56},
  year={2016},
  publisher={Frontiers}
}

@article{upadhyay2019emerging,
  title={Emerging memory devices for neuromorphic computing},
  author={Upadhyay, Navnidhi K and Jiang, Hao and Wang, Zhongrui and Asapu, Shiva and Xia, Qiangfei and Joshua Yang, J},
  journal={Advanced Materials Technologies},
  volume={4},
  number={4},
  pages={1800589},
  year={2019},
  publisher={Wiley Online Library}
}

@article{schneider2018ultralow,
  title={Ultralow power artificial synapses using nanotextured magnetic Josephson junctions},
  author={Schneider, Michael L and Donnelly, Christine A and Russek, Stephen E and Baek, Burm and Pufall, Matthew R and Hopkins, Peter F and Dresselhaus, Paul D and Benz, Samuel P and Rippard, William H},
  journal={Science advances},
  volume={4},
  number={1},
  pages={e1701329},
  year={2018},
  publisher={American Association for the Advancement of Science}
}

@article{zhao2020reliability,
  title={Reliability of analog resistive switching memory for neuromorphic computing},
  author={Zhao, Meiran and Gao, Bin and Tang, Jianshi and Qian, He and Wu, Huaqiang},
  journal={Applied Physics Reviews},
  volume={7},
  number={1},
  pages={011301},
  year={2020},
  publisher={AIP Publishing LLC}
}

@article{kim2018recent,
  title={Recent advances in memristive materials for artificial synapses},
  author={Kim, Sun Gil and Han, Ji Su and Kim, Hyojung and Kim, Soo Young and Jang, Ho Won},
  journal={Advanced Materials Technologies},
  volume={3},
  number={12},
  pages={1800457},
  year={2018},
  publisher={Wiley Online Library}
}

@article{upadhyay2019emerging,
  title={Emerging memory devices for neuromorphic computing},
  author={Upadhyay, Navnidhi K and Jiang, Hao and Wang, Zhongrui and Asapu, Shiva and Xia, Qiangfei and Joshua Yang, J},
  journal={Advanced Materials Technologies},
  volume={4},
  number={4},
  pages={1800589},
  year={2019},
  publisher={Wiley Online Library}
}

@article{zhang2020brain,
  title={Brain-inspired computing with memristors: Challenges in devices, circuits, and systems},
  author={Zhang, Yang and Wang, Zhongrui and Zhu, Jiadi and Yang, Yuchao and Rao, Mingyi and Song, Wenhao and Zhuo, Ye and Zhang, Xumeng and Cui, Menglin and Shen, Linlin and others},
  journal={Applied Physics Reviews},
  volume={7},
  number={1},
  pages={011308},
  year={2020},
  publisher={AIP Publishing LLC}
}

@ARTICLE{fuab2007,
	AUTHOR =       {S. Fusi and L.F. Abbott},
	TITLE =        {Limits on the memory storage capacity of bounded synapses},
	JOURNAL =      {Nature Neuroscience},
	YEAR =         {2007},
	volume =       {10},
	pages =        {485},
}

@ARTICLE{vrso1996,
	AUTHOR =       {C. van Vreeswijk and H. Sompolinsky},
	TITLE =        {Chaos in neuronal networks with balanced excitatory and inhibitory activity},
	JOURNAL =      {Science},
	YEAR =         {1996},
	volume =       {274},
	pages =        {1724},
}

@ARTICLE{vora2005,
	AUTHOR =       {T.P. Vogels and K. Rajan and L.F. Abbott},
	TITLE =        {Neural Network Dynamics},
	JOURNAL =      {Annu. Rev. Neurosci.},
	YEAR =         {2005},
	volume =       {28},
	pages =        {357},
}

@ARTICLE{yast2012,
	AUTHOR =       {J.J. Yang and D.B. Strukov and D.R. Stewart},
	TITLE =        {Memristive devices for computing},
	JOURNAL =      {Nat. Nanotech.},
	YEAR =         {2012},
	volume =       {8},
	pages =        {13},
}

@ARTICLE{stsn2008,
	AUTHOR =       {D.B. Strukov and G.S. Snider and D.R. Stewart and R.S. Williams},
	TITLE =        {The missing memristor found},
	JOURNAL =      {Nature},
	YEAR =         {2008},
	volume =       {453},
	pages =        {80},
}

@ARTICLE{ab2018,
	AUTHOR =       {I. Abraham},
	TITLE =        {The case for rejecting the memristor as a fundamental circuit element},
	JOURNAL =      {Nature},
	YEAR =         {2018},
	volume =       {8},
	pages =        {10972},
}

@BOOK{ka1999,
	AUTHOR =       {Alan M. Kadin},
	TITLE =        {Introduction to superconducting circuits},
	PUBLISHER =    {John Wiley and Sons},
	YEAR =         {1999},
	edition =       {First},
	address =      {USA},
}


@BOOK{vatu1998,
	AUTHOR =       {T. Van Duzer and C.W. Turner},
	TITLE =        {Principles of superconductive devices and circuits},
	PUBLISHER =    {Prentice Hall},
	YEAR =         {1998},
	edition =      {Second},
	address =      {USA},
}

@article{bartol2015nanoconnectomic,
  title={Nanoconnectomic upper bound on the variability of synaptic plasticity},
  author={Bartol Jr, Thomas M and Bromer, Cailey and Kinney, Justin and Chirillo, Michael A and Bourne, Jennifer N and Harris, Kristen M and Sejnowski, Terrence J},
  journal={Elife},
  volume={4},
  pages={e10778},
  year={2015},
  publisher={eLife Sciences Publications Limited}
}

@article{wang2018training,
  title={Training deep neural networks with 8-bit floating point numbers},
  author={Wang, Naigang and Choi, Jungwook and Brand, Daniel and Chen, Chia-Yu and Gopalakrishnan, Kailash},
  journal={arXiv preprint arXiv:1812.08011},
  year={2018}
}

@article{schneider2020fan,
  title={Fan-out and fan-in properties of superconducting neuromorphic circuits},
  author={Schneider, ML and Segall, K},
  journal={Journal of Applied Physics},
  volume={128},
  number={21},
  pages={214903},
  year={2020},
  publisher={AIP Publishing LLC}
}

@article{schneider2018tutorial,
  title={Tutorial: High-speed low-power neuromorphic systems based on magnetic Josephson junctions},
  author={Schneider, Michael L and Donnelly, Christine A and Russek, Stephen E},
  journal={Journal of Applied Physics},
  volume={124},
  number={16},
  pages={161102},
  year={2018},
  publisher={AIP Publishing LLC}
}

@article{chicca2014neuromorphic,
  title={Neuromorphic electronic circuits for building autonomous cognitive systems},
  author={Chicca, Elisabetta and Stefanini, Fabio and Bartolozzi, Chiara and Indiveri, Giacomo},
  journal={Proceedings of the IEEE},
  volume={102},
  number={9},
  pages={1367--1388},
  year={2014},
  publisher={IEEE}
}

@inproceedings{schneider2017energy,
  title={Energy-efficient single-flux-quantum based neuromorphic computing},
  author={Schneider, Michael L and Donnelly, Christine A and Russek, Stephen E and Baek, Burm and Pufall, Matthew R and Hopkins, Peter F and Rippard, William H},
  booktitle={2017 IEEE International Conference on Rebooting Computing (ICRC)},
  pages={1--4},
  year={2017},
  organization={IEEE}
}

@article{shainline2019fluxonic,
  title={Fluxonic processing of photonic synapse events},
  author={Shainline, Jeffrey M},
  journal={IEEE Journal of Selected Topics in Quantum Electronics},
  volume={26},
  number={1},
  pages={1--15},
  year={2019},
  publisher={IEEE}
}

@article{cocchi2017criticality,
  title={Criticality in the brain: A synthesis of neurobiology, models and cognition},
  author={Cocchi, Luca and Gollo, Leonardo L and Zalesky, Andrew and Breakspear, Michael},
  journal={Progress in neurobiology},
  volume={158},
  pages={132--152},
  year={2017},
  publisher={Elsevier}
}

@inproceedings{schneider2017energy,
  title={Energy-efficient single-flux-quantum based neuromorphic computing},
  author={Schneider, Michael L and Donnelly, Christine A and Russek, Stephen E and Baek, Burm and Pufall, Matthew R and Hopkins, Peter F and Rippard, William H},
  booktitle={2017 IEEE International Conference on Rebooting Computing (ICRC)},
  pages={1--4},
  year={2017},
  organization={IEEE}
}

@article{toomey2019design,
  title={Design of a power efficient artificial neuron using superconducting nanowires},
  author={Toomey, Emily and Segall, Ken and Berggren, Karl K},
  journal={Frontiers in neuroscience},
  volume={13},
  pages={933},
  year={2019},
  publisher={Frontiers}
}

@article{crotty2010josephson,
  title={Josephson junction simulation of neurons},
  author={Crotty, Patrick and Schult, Dan and Segall, Ken},
  journal={Physical Review E},
  volume={82},
  number={1},
  pages={011914},
  year={2010},
  publisher={APS}
}

@article{qiao2015reconfigurable,
  title={A reconfigurable on-line learning spiking neuromorphic processor comprising 256 neurons and 128K synapses},
  author={Qiao, Ning and Mostafa, Hesham and Corradi, Federico and Osswald, Marc and Stefanini, Fabio and Sumislawska, Dora and Indiveri, Giacomo},
  journal={Frontiers in neuroscience},
  volume={9},
  pages={141},
  year={2015},
  publisher={Frontiers}
}

@article{schemmel2020accelerated,
  title={Accelerated analog neuromorphic computing},
  author={Schemmel, Johannes and Billaudelle, Sebastian and Dauer, Phillip and Weis, Johannes},
  journal={arXiv preprint arXiv:2003.11996},
  year={2020}
}

@article{young2019review,
  title={A review of spiking neuromorphic hardware communication systems},
  author={Young, Aaron R and Dean, Mark E and Plank, James S and Rose, Garrett S},
  journal={IEEE Access},
  volume={7},
  pages={135606--135620},
  year={2019},
  publisher={IEEE}
}

@article{zhang2020scalable,
  title={Scalable 3D Silicon Photonic Electronic Integrated Circuits and Their Applications},
  author={Zhang, Yu and Samanta, Anirban and Shang, Kuanping and Yoo, SJ Ben},
  journal={IEEE Journal of Selected Topics in Quantum Electronics},
  volume={26},
  number={2},
  pages={1--10},
  year={2020},
  publisher={IEEE}
}

@article{rajendran2012specifications,
  title={Specifications of nanoscale devices and circuits for neuromorphic computational systems},
  author={Rajendran, Bipin and Liu, Yong and Seo, Jae-sun and Gopalakrishnan, Kailash and Chang, Leland and Friedman, Daniel J and Ritter, Mark B},
  journal={IEEE Transactions on Electron Devices},
  volume={60},
  number={1},
  pages={246--253},
  year={2012},
  publisher={IEEE}
}

@article{hasler2017special,
  title={Special report: Can we copy the brain?-A road map for the artificial brain},
  author={Hasler, Jennifer},
  journal={IEEE Spectrum},
  volume={54},
  number={6},
  pages={46--50},
  year={2017},
  publisher={IEEE}
}

@article{indiveri2019importance,
  title={The importance of space and time for signal processing in neuromorphic agents: the challenge of developing low-power, autonomous agents that interact with the environment},
  author={Indiveri, Giacomo and Sandamirskaya, Yulia},
  journal={IEEE Signal Processing Magazine},
  volume={36},
  number={6},
  pages={16--28},
  year={2019},
  publisher={IEEE}
}

@book{liu2014event,
  title={Event-based neuromorphic systems},
  author={Liu, Shih-Chii and Delbruck, Tobi and Indiveri, Giacomo and Whatley, Adrian and Douglas, Rodney},
  year={2014},
  publisher={John Wiley \& Sons}
}

@article{nozaki2018forward,
  title={Forward-biased nanophotonic detector for ultralow-energy dissipation receiver},
  author={Nozaki, Kengo and Matsuo, Shinji and Fujii, Takuro and Takeda, Koji and Shinya, Akihiko and Kuramochi, Eiichi and Notomi, Masaya},
  journal={APL Photonics},
  volume={3},
  number={4},
  pages={046101},
  year={2018},
  publisher={AIP Publishing LLC}
}

@article{chicca2020recipe,
  title={A recipe for creating ideal hybrid memristive-CMOS neuromorphic processing systems},
  author={Chicca, Elisabetta and Indiveri, Giacomo},
  journal={Applied Physics Letters},
  volume={116},
  number={12},
  pages={120501},
  year={2020},
  publisher={AIP Publishing LLC}
}

@article{indiveri2011neuromorphic,
  title={Neuromorphic silicon neuron circuits},
  author={Indiveri, Giacomo and Linares-Barranco, Bernab{\'e} and Hamilton, Tara Julia and Van Schaik, Andr{\'e} and Etienne-Cummings, Ralph and Delbruck, Tobi and Liu, Shih-Chii and Dudek, Piotr and H{\"a}fliger, Philipp and Renaud, Sylvie and others},
  journal={Frontiers in neuroscience},
  volume={5},
  pages={73},
  year={2011},
  publisher={Frontiers}
}

@article{stein2005neuronal,
  title={Neuronal variability: noise or part of the signal?},
  author={Stein, Richard B and Gossen, E Roderich and Jones, Kelvin E},
  journal={Nature Reviews Neuroscience},
  volume={6},
  number={5},
  pages={389--397},
  year={2005},
  publisher={Nature Publishing Group}
}

@article{nozaki2016photonic,
  title={Photonic-crystal nano-photodetector with ultrasmall capacitance for on-chip light-to-voltage conversion without an amplifier},
  author={Nozaki, Kengo and Matsuo, Shinji and Fujii, Takuro and Takeda, Koji and Ono, Masaaki and Shakoor, Abdul and Kuramochi, Eiichi and Notomi, Masaya},
  journal={Optica},
  volume={3},
  number={5},
  pages={483--492},
  year={2016},
  publisher={Optical Society of America}
}

@article{ferrari2018waveguide,
  title={Waveguide-integrated superconducting nanowire single-photon detectors},
  author={Ferrari, Simone and Schuck, Carsten and Pernice, Wolfram},
  journal={Nanophotonics},
  volume={7},
  number={11},
  pages={1725--1758},
  year={2018},
  publisher={De Gruyter}
}

@inproceedings{tossoun2019ultra,
  title={Ultra-Low Capacitance, High-Speed Integrated Waveguide Photodiodes on InP},
  author={Tossoun, Bassem and Morgan, Jesse and Beling, Andreas},
  booktitle={Integrated Photonics Research, Silicon and Nanophotonics},
  pages={IT3A--6},
  year={2019},
  organization={Optical Society of America}
}

@article{romeira2018purcell,
  title={Purcell effect in the stimulated and spontaneous emission rates of nanoscale semiconductor lasers},
  author={Romeira, Bruno and Fiore, Andrea},
  journal={IEEE Journal of Quantum Electronics},
  volume={54},
  number={2},
  pages={1--12},
  year={2018},
  publisher={IEEE}
}

@article{kim2019ferroelectric,
  title={Ferroelectric analog synaptic transistors},
  author={Kim, Min-Kyu and Lee, Jang-Sik},
  journal={Nano letters},
  volume={19},
  number={3},
  pages={2044--2050},
  year={2019},
  publisher={ACS Publications}
}

@article{zenke2013synaptic,
  title={Synaptic plasticity in neural networks needs homeostasis with a fast rate detector},
  author={Zenke, Friedemann and Hennequin, Guillaume and Gerstner, Wulfram},
  journal={PLoS Comput Biol},
  volume={9},
  number={11},
  pages={e1003330},
  year={2013},
  publisher={Public Library of Science}
}

@article{payeur2019classes,
  title={Classes of dendritic information processing},
  author={Payeur, Alexandre and B{\'e}{\"\i}que, Jean-Claude and Naud, Richard},
  journal={Current opinion in neurobiology},
  volume={58},
  pages={78--85},
  year={2019},
  publisher={Elsevier}
}

@article{chartrand2018highly,
  title={Highly enriched Si 28 reveals remarkable optical linewidths and fine structure for well-known damage centers},
  author={Chartrand, C and Bergeron, L and Morse, KJ and Riemann, H and Abrosimov, NV and Becker, P and Pohl, H-J and Simmons, S and Thewalt, MLW},
  journal={Physical Review B},
  volume={98},
  number={19},
  pages={195201},
  year={2018},
  publisher={APS}
}

@article{miller2019combined,
  title={Combined mechanisms of neural firing rate homeostasis},
  author={Miller, Paul and Cannon, Jonathan},
  journal={Biological cybernetics},
  volume={113},
  number={1},
  pages={47--59},
  year={2019},
  publisher={Springer}
}

@article{citri2008synaptic,
  title={Synaptic plasticity: multiple forms, functions, and mechanisms},
  author={Citri, Ami and Malenka, Robert C},
  journal={Neuropsychopharmacology},
  volume={33},
  number={1},
  pages={18--41},
  year={2008},
  publisher={Nature Publishing Group}
}

@inproceedings{bowers2016recent,
  title={Recent advances in silicon photonic integrated circuits},
  author={Bowers, John E and Komljenovic, Tin and Davenport, Michael and Hulme, Jared and Liu, Alan Y and Santis, Christos T and Spott, Alexander and Srinivasan, Sudharsanan and Stanton, Eric J and Zhang, Chong},
  booktitle={Next-Generation Optical Communication: Components, Sub-Systems, and Systems V},
  volume={9774},
  pages={977402},
  year={2016},
  organization={International Society for Optics and Photonics}
}

@article{virot2014germanium,
  title={Germanium avalanche receiver for low power interconnects},
  author={Virot, L{\'e}opold and Crozat, Paul and F{\'e}d{\'e}li, Jean-Marc and Hartmann, Jean-Michel and Marris-Morini, Delphine and Cassan, Eric and Boeuf, Fr{\'e}d{\'e}ric and Vivien, Laurent},
  journal={Nature communications},
  volume={5},
  number={1},
  pages={1--6},
  year={2014},
  publisher={Nature Publishing Group}
}

@article{zhou2015chip,
  title={On-chip light sources for silicon photonics},
  author={Zhou, Zhiping and Yin, Bing and Michel, Jurgen},
  journal={Light: Science \& Applications},
  volume={4},
  number={11},
  pages={e358--e358},
  year={2015},
  publisher={Nature Publishing Group}
}

@inproceedings{pizzone2020analysis,
  title={Analysis of dark current in Ge-on-Si photodiodes at cryogenic temperatures},
  author={Pizzone, Andrea and Srinivasan, Srinivasan Ashwyn and Verheyen, Peter and Lepage, Guy and Balakrishnan, Sadhishkumar and Van Campenhout, Joris},
  booktitle={2020 IEEE Photonics Conference (IPC)},
  pages={1--2},
  organization={IEEE}
}

@article{assefa2010reinventing,
  title={Reinventing germanium avalanche photodetector for nanophotonic on-chip optical interconnects},
  author={Assefa, Solomon and Xia, Fengnian and Vlasov, Yurii A},
  journal={Nature},
  volume={464},
  number={7285},
  pages={80--84},
  year={2010},
  publisher={Nature Publishing Group}
}

@book{razavi2012design,
  title={Design of integrated circuits for optical communications},
  author={Razavi, Behzad},
  year={2012},
  publisher={John Wiley \& Sons}
}

@article{mcdonnell2011benefits,
  title={The benefits of noise in neural systems: bridging theory and experiment},
  author={McDonnell, Mark D and Ward, Lawrence M},
  journal={Nature Reviews Neuroscience},
  volume={12},
  number={7},
  pages={415--425},
  year={2011},
  publisher={Nature Publishing Group}
}

@article{akhlaghi2015waveguide,
  title={Waveguide integrated superconducting single-photon detectors implemented as near-perfect absorbers of coherent radiation},
  author={Akhlaghi, Mohsen K and Schelew, Ellen and Young, Jeff F},
  journal={Nature communications},
  volume={6},
  number={1},
  pages={1--8},
  year={2015},
  publisher={Nature Publishing Group}
}

@article{miscuglio2018all,
  title={All-optical nonlinear activation function for photonic neural networks},
  author={Miscuglio, Mario and Mehrabian, Armin and Hu, Zibo and Azzam, Shaimaa I and George, Jonathan and Kildishev, Alexander V and Pelton, Matthew and Sorger, Volker J},
  journal={Optical Materials Express},
  volume={8},
  number={12},
  pages={3851--3863},
  year={2018},
  publisher={Optical Society of America}
}

@article{mourgias2019all,
  title={An all-optical neuron with sigmoid activation function},
  author={Mourgias-Alexandris, George and Tsakyridis, A and Passalis, N and Tefas, Anastasios and Vyrsokinos, K and Pleros, Nikolaos},
  journal={Optics express},
  volume={27},
  number={7},
  pages={9620--9630},
  year={2019},
  publisher={Optical Society of America}
}

@ARTICLE{seda2016,
	AUTHOR =       {C. Segal and A. Dalakoti and M. Miller and F. Brewer},
	TITLE =        {{Connectivity Effects on Energy and Area for Neuromorphic System with High Speed Asynchronous Pulse Mode Links}},
	JOURNAL =      {SLIP},
	YEAR =         {2016},
	volume =       {16},
	pages =        {},
}

@article{izhikevich2004model,
  title={Which model to use for cortical spiking neurons?},
  author={Izhikevich, Eugene M},
  journal={IEEE transactions on neural networks},
  volume={15},
  number={5},
  pages={1063--1070},
  year={2004},
  publisher={Ieee}
}

@article{tolpygo2016superconductor,
  title={Superconductor digital electronics: Scalability and energy efficiency issues},
  author={Tolpygo, Sergey K},
  journal={Low Temperature Physics},
  volume={42},
  number={5},
  pages={361--379},
  year={2016},
  publisher={AIP Publishing LLC}
}

@article{zhirnov2003limits,
  title={Limits to binary logic switch scaling-a gedanken model},
  author={Zhirnov, Victor V and Cavin, Ralph K and Hutchby, James A and Bourianoff, George I},
  journal={Proceedings of the IEEE},
  volume={91},
  number={11},
  pages={1934--1939},
  year={2003},
  publisher={IEEE}
}

@article{holmes2013energy,
  title={Energy-efficient superconducting computing—Power budgets and requirements},
  author={Holmes, D Scott and Ripple, Andrew L and Manheimer, Marc A},
  journal={IEEE Transactions on Applied Superconductivity},
  volume={23},
  number={3},
  pages={1701610--1701610},
  year={2013},
  publisher={IEEE}
}

@article{vetter2016cavity,
  title={Cavity-enhanced and ultrafast superconducting single-photon detectors},
  author={Vetter, Andreas and Ferrari, Simone and Rath, Patrik and Alaee, Rasoul and Kahl, Oliver and Kovalyuk, Vadim and Diewald, Silvia and Goltsman, Gregory N and Korneev, Alexander and Rockstuhl, Carsten and others},
  journal={Nano letters},
  volume={16},
  number={11},
  pages={7085--7092},
  year={2016},
  publisher={ACS Publications}
}

@article{mccaughan2019superconducting,
  title={A superconducting thermal switch with ultrahigh impedance for interfacing superconductors to semiconductors},
  author={McCaughan, Adam N and Verma, Varun B and Buckley, Sonia M and Allmaras, JP and Kozorezov, AG and Tait, AN and Nam, SW and Shainline, JM},
  journal={Nature electronics},
  volume={2},
  number={10},
  pages={451--456},
  year={2019},
  publisher={Nature Publishing Group}
}

@article{debaes2003receiver,
  title={Receiver-less optical clock injection for clock distribution networks},
  author={Debaes, Christof and Bhatnagar, Aparna and Agarwal, Diwakar and Chen, Ray and Keeler, Gordon A and Helman, Noah C and Thienpont, Hugo and Miller, David AB},
  journal={IEEE journal of selected topics in quantum electronics},
  volume={9},
  number={2},
  pages={400--409},
  year={2003},
  publisher={IEEE}
}

@article{romeira2019physical,
  title={Physical limits of nanoleds and nanolasers for optical communications},
  author={Romeira, Bruno and Fiore, Andrea},
  journal={Proceedings of the IEEE},
  volume={108},
  number={5},
  pages={735--748},
  year={2019},
  publisher={IEEE}
}

@article{li2017epitaxial,
  title={Epitaxial growth of highly mismatched III-V materials on (001) silicon for electronics and optoelectronics},
  author={Li, Qiang and Lau, Kei May},
  journal={Progress in Crystal Growth and Characterization of Materials},
  volume={63},
  number={4},
  pages={105--120},
  year={2017},
  publisher={Elsevier}
}

@article{pavesi2008silicon,
  title={Silicon-Based Light Sources for Silicon Integrated Circuits.},
  author={Pavesi, L},
  journal={Advances in optical technologies},
  year={2008}
}

@article{gurioli1991temperature,
  title={Temperature dependence of the radiative and nonradiative recombination time in GaAs/Al x Ga 1- x As quantum-well structures},
  author={Gurioli, M and Vinattieri, A and Colocci, M and Deparis, C and Massies, J and Neu, G and Bosacchi, A and Franchi, S},
  journal={Physical Review B},
  volume={44},
  number={7},
  pages={3115},
  year={1991},
  publisher={APS}
}

@article{zhang2019iii,
  title={III-V-on-Si photonic integrated circuits realized using micro-transfer-printing},
  author={Zhang, Jing and Muliuk, Grigorij and Juvert, Joan and Kumari, Sulakshna and Goyvaerts, Jeroen and Haq, Bahawal and Op de Beeck, Camiel and Kuyken, Bart and Morthier, Geert and Van Thourhout, Dries and others},
  journal={APL photonics},
  volume={4},
  number={11},
  pages={110803},
  year={2019},
  publisher={AIP Publishing LLC}
}

@ARTICLE{hiak1991,
	AUTHOR =       {M. Hidaka and L.A. Akers},
	TITLE =        {An artificial neural cell implemented with superconducting circuits},
	JOURNAL =      {Supercond. Sci. Technol.},
	YEAR =         {1991},
	volume =       {4},
	pages =        {654},
}

@ARTICLE{hago1991,
	AUTHOR =       {Y. Harada and E. Goto},
	TITLE =        {Artificial neural network circuits with Josephson devices},
	JOURNAL =      {IEEE Trans. Magnetics},
	YEAR =         {1991},
	volume =       {27},
	pages =        {2863},
}

@BOOK{brsc1998,
	AUTHOR =       {V. Braitenberg and A. Schuz},
	TITLE =        {Cortex: statistics and geometry of neuronal connectivity},
	PUBLISHER =    {Springer},
	YEAR =         {1998},
	address =      {Berlin, Germany},
}


@article{dolores2017waveguide,
  title={Waveguide-coupled nanopillar metal-cavity light-emitting diodes on silicon},
  author={Dolores-Calzadilla, V and Romeira, B and Pagliano, F and Birindelli, S and Higuera-Rodriguez, A and Van Veldhoven, PJ and Smit, MK and Fiore, A and Heiss, D},
  journal={Nature communications},
  volume={8},
  number={1},
  pages={1--8},
  year={2017},
  publisher={Nature Publishing Group}
}

@ARTICLE{yaal1986,
	AUTHOR =       {E. Yablonovitch and D.L. Allara and C.C. Chang and T. Gmitter and T.B. Bright},
	TITLE =        {{Unusually Low Surface-Recombination Velocity on Silicon and Germanium Surfaces},
	JOURNAL =      {Phys. Rev. Lett.},
	YEAR =         {1986},
	volume =       {57},
	pages =        {249},
}}

@ARTICLE{hiro2017,
	AUTHOR =       {A. Higuera-Rodriguez and B. Romeira and S. Birindelli and L.E. Black and E. Smalbrugge and P.J. van Veldhoven and W.M.M. Kessels and M.K. Smit and A. Fiore},
	TITLE =        {{Ultralow Surface Recombination Velocity in Passivated InGaAs/InP Nanopillars},
	JOURNAL =      {Nano Lett.},
	YEAR =         {2017},
	volume =       {17},
	pages =        {2627},
}}

@article{buckley2020optimization,
  title={Optimization of photoluminescence from W centers in a silicon-on-insulator},
  author={Buckley, Sonia M and Tait, Alexander N and Moody, Galan and Primavera, Bryce and Olson, Stephen and Herman, Joshua and Silverman, Kevin L and Rao, Satyavolu Papa and Nam, Sae Woo and Mirin, Richard P and others},
  journal={Optics express},
  volume={28},
  number={11},
  pages={16057--16072},
  year={2020},
  publisher={Optical Society of America}
}

@article{bao2007point,
  title={Point defect engineered Si sub-bandgap light-emitting diode},
  author={Bao, Jiming and Tabbal, Malek and Kim, Taegon and Charnvanichborikarn, Supakit and Williams, James S and Aziz, Michael J and Capasso, Federico},
  journal={Optics Express},
  volume={15},
  number={11},
  pages={6727--6733},
  year={2007},
  publisher={Optical Society of America}
}

@article{buckley2017all,
  title={All-silicon light-emitting diodes waveguide-integrated with superconducting single-photon detectors},
  author={Buckley, Sonia and Chiles, Jeffrey and McCaughan, Adam N and Moody, Galan and Silverman, Kevin L and Stevens, Martin J and Mirin, Richard P and Nam, Sae Woo and Shainline, Jeffrey M},
  journal={Applied Physics Letters},
  volume={111},
  number={14},
  pages={141101},
  year={2017},
  publisher={AIP Publishing LLC}
}

@ARTICLE{frfr2004,
AUTHOR =       {A. Fronczak and P. Fronczak and J.A. Holyst},
TITLE =        {Average path length in random networks},
JOURNAL =      {Phys. Rev. E},
YEAR =         {2004},
volume =       {70},
pages =        {056110},
}

@ARTICLE{bo2000,
AUTHOR =       {K.A. Boahen},
TITLE =        {Point-to-point connectivity between neuromorphic chips using address events},
JOURNAL =      {IEEE Tran. Circ. Sys. II},
YEAR =         {2000},
volume =       {47},
pages =        {416},
}

@ARTICLE{payu2017,
	AUTHOR =       {J. Park and T. Yu and S. Joshi and C. Maier and G. Cauwenberghs},
	TITLE =        {Hierarchical address event routing for reconfigurable large-scale neuromorphic systems},
	JOURNAL =      {IEEE Trans. Neural Networks and Learning Systems},
	YEAR =         {2017},
	volume =       {28},
	pages =        {2408},
}

@book{hepa2011,
	author = {J.L. Hennessy and D.A. Patterson},
	title = {Computer Architecture},
	date = {2011},
	year = {2011},
	publisher = {Elsevier},
	note = {Appendix F}
}

@book{bu2006,
	author = {G. Buzs\'{a}ki},
	title = {Rhythms of the Brain},
	date = {2006},
	YEAR =         {2006},
	publisher = {Oxford University Press},
}

@ARTICLE{ke1982,
	AUTHOR =       {R.W. Keyes},
	TITLE =        {The wire-limited logic chip},
	JOURNAL =      {IEEE J. Sol.-Sta. Circuits},
	YEAR =         {1982},
	volume =       {SC-17},
	pages =        {1232},
}


@ARTICLE{mo1997,
	AUTHOR =       {V.B. Mountcastle},
	TITLE =        {The columnar organization of the neocortex},
	JOURNAL =      {Brain},
	YEAR =         {1997},
	volume =       {120},
	pages =        {701},
}

@Book{mo1978,
author = {V.B. Mountcastle},
title = {An {O}rganizing {P}rinciple for {C}erebral {F}unction: {T}he {U}nit {M}odule and the {D}istributed {S}ystem},
publisher = {The MIT Press},
year = {1978},
maintitle = {The {M}indful {B}rain: {C}ortical {O}rganization and the {G}roup-{S}elective {T}heory of {H}igher {B}rain {F}unction},
}

@ARTICLE{frbu2016,
	AUTHOR =       {K. Friston and G. Buzs\'{a}ki},
	TITLE =        {{The Functional Anatomy of Time: What and When in the Brain}},
	JOURNAL =      {Trends in Cognitive Sciences},
	YEAR =         {2016},
	volume =       {20},
	number = {7},
	pages =        {500},
}
@ARTICLE{buta2020,
	AUTHOR =       {S.M. Buckley and A.N. Tait and J. Chiles and A.N. McCaughan and S. Khan and R.P. Mirin and S.W. Nam and J.M. Shainline},
	TITLE =        {{Integrated-Photonic Characterization of Single-Photon Detectors for Use in Neuromorphic Synapses}},
	JOURNAL =      {Phys. Rev. Applied},
	YEAR =         {2020},
	pages =        {054008},
}
@ARTICLE{buta2020_2,
	AUTHOR =       {S.M. Buckley and A.N. Tait and G. Moody and B. Primavera and S. Olson and J. Herman and K.L. Silverman and S. Papa Rao and S.W. Nam and R.P. Mirin and J.M. Shainline},
	TITLE =        {{Optimization of photoluminescence from W centers in silicon-on-insulator}},
	JOURNAL =      {Opt. Express},
	YEAR =         {2020},
	pages =        {16057},
}

@ARTICLE{shxu2007,
	AUTHOR =       {J.M. Shainline and J. Xu},
	TITLE =        {Silicon as an emissive optical medium},
	JOURNAL =      {Laser and Photonics Reviews},
	YEAR =         {2007},
	volume =       {1},
	pages =        {334},
}

@ARTICLE{kisa2011,
	AUTHOR =       {D.E. Kirichenko and S. Sarwana and A.F. Kirichenko},
	TITLE =        {Zero static power dissipation biasing of RSFQ circuits},
	JOURNAL =      {IEEE Trans. Appl. Supercond.},
	YEAR =         {2011},
	volume =       {21},
	pages =        {776},
}


@ARTICLE{tobo2018,
	AUTHOR =       {S.K. Tolpygo and V. Bolkhovsky and D.E. Oates and R. Rastogi and S. Zarr and A.L. Day and T.J. Weir and A. Wynn and L.M. Johnson},
	TITLE =        {{Superconductor Electronics Fabrication Process with MoN$_x$ Kinetic Inductors and Self-Shunted Josephson Junctions}},
	JOURNAL =      {IEEE Transactions on Applied Superconductivity},
	YEAR =         {2018},
	volume =       {28},
	number = {4},
	pages =        {1100212},
}

@ARTICLE{chna2018,
	AUTHOR =       {J. Chiles and N. Nader and D.D. Hickstein and S.P. Yu and T.C. Briles and D. Carlson and H. Jung and J.M. Shainline and S. Diddams and S.B. Papp and S.W. Nam and R.P. Mirin},
	TITLE =        {Deuterated silicon nitride photonic devices for broadband optical frequency comb generation},
	JOURNAL =      {Opt. Lett.},
	YEAR =         {2018},
	volume =       {43},
	pages =        {1527},
}

@ARTICLE{chbu2018,
	AUTHOR =       {J. Chiles and S.M. Buckley and S.W. Nam and R.P. Mirin and J.M. Shainline},
	TITLE =        {Design, fabrication, and metrology of 10 x 100 multi-planar integrated photonic routing manifolds for neural networks},
	JOURNAL =      {APL Photonics},
	YEAR =         {2018},
	pages =        {106101},
	volume = {3},
}

@ARTICLE{sahu2015,
	AUTHOR =       {W.D. Sacher and Y. Huang and G.-Q. Lo and J.K.S. Poon},
	TITLE =        {Multilayer Silicon Nitride-on-Silicon Integrated Photonic Platforms and Devices},
	JOURNAL =      {J. Lightwave Tech.},
	YEAR =         {2015},
	volume =       {33},
	pages =        {901},
}

@ARTICLE{chbu2017,
	AUTHOR =       {J. Chiles and S. Buckley and N. Nader and S.W. Nam and R.P. Mirin and J.M. Shainline},
	TITLE =        {Multi-planar amorphous silicon photonics with compact interplanar couplers, cross talk mitigation, and low crossing loss},
	JOURNAL =      {APL Photonics},
	YEAR =         {2017},
	volume =       {2},
	pages =        {116101},
}

@ARTICLE{shpa2015,
	AUTHOR =       {K. Shang and S. Pathak and B. Guan and G. Liu and S.J.B. Yoo},
	TITLE =        {{Low-loss compact multilayer silicon nitride platform for 3D photonic integrated circuits}},
	JOURNAL =      {Opt. Express},
	YEAR =         {2015},
	volume =       {23},
	pages =        {21334},
}

@ARTICLE{zhli2018,
	AUTHOR =       {Y. Zhang and Y. Ling and Y. Zhang and K. Shang and S.J.B. Yoo},
	TITLE =        {High-density wafer-scale 3-D silicon-photonic integrated circuits},
	JOURNAL =      {IEEE J. Sel. Topics Quantum Electron.},
	YEAR =         {2018},
	volume =       {24},
	pages =        {8200510},
}

@ARTICLE{zhsa2020,
	AUTHOR =       {Y. Zhang and A. Samanta and K. Shang and S.J.B. Yoo},
	TITLE =        {{Scalable 3D Silicon Photonic Electronic Integrated Circuits and Their Applications}},
	JOURNAL =      {IEEE J. Sel. Topics Quantum Electron.},
	YEAR =         {2020},
	volume =       {26},
	pages =        {8201510},
}

@ARTICLE{orma2012,
	AUTHOR =       {J.S. Orcutt and B. Moss and C. Sun and J. Leu and M. Georgas and J. Shainline and E. Zgraggen, H. Li, J. Sun, M. Weaver and S. Urosevi\'{c} and M. Popovi\'{c} and R.J. Ram and Vladimir Stojanovi\'{c}},
	TITLE =        {Open foundry platform for high-performance electronic-photonic integration},
	JOURNAL =      {Opt. Express},
	YEAR =         {2012},
	volume =       {20},
	pages =        {12222},
}


%---
%3D integration
%---

@ARTICLE{ro1983,
	AUTHOR =       {A.L. Rosenberg},
	TITLE =        {{Three-Dimensional VLSI: A Case Study}},
	JOURNAL =      {J. Assoc. Computing Machinery},
	YEAR =         {1983},
	volume =       {30},
	number = {3},
	pages =        {397},
}

@article{knan2008,
author = {Knickerbocker, J U and Andry, P S and Dang, B and Horton, R R and Interrante, M J and Patel, C S and Polastre, R J and Sakuma, K and Sirdeshmukh, R and Sprogis, E J and Stephens, A M and Topol, A W and Tsang, C K and Webb, B C and Wright, S L},
number = {6},
pages = {553--569},
title = {{Three- dimensional silicon integration}},
volume = {52},
year = {2008},
JOURNAL =      {IBM J. Res. \& Dev.},
}

@ARTICLE{saan2008,
	AUTHOR =       {K. Sakuma and P.S. Andry and C.K. Tsang and S.L. Wright and B. Dang and C.S. Patel and B.C. Webb and J. Maria and E.J. Sprogis and S.K. Kang and R.J. Polastre and R.R. Horton and J.U. Knickerbocker},
	TITLE =        {{3D chip-stacking technology with through-silicon vias and low-volume lead-free interconnections}},
	JOURNAL =      {IBM J. Res. \& Dev.},
	YEAR =         {2008},
	volume =       {52},
	number = {6},
	pages =        {611},
}

@ARTICLE{viba2011,
	AUTHOR =       {M. Vinet et al},
	TITLE =        {{3D monolithic integration: Technological challenges and electrical results}},
	JOURNAL =      {Microelectronic Engineering},
	YEAR =         {2011},
	volume =       {88},
	pages =        {331},
}

@ARTICLE{zhxi2015,
	AUTHOR =       {J. Zhao and Y. Xie and Q. Zou},
	TITLE =        {{Overview of 3-D Architecture Design Opportunities and Techniques}},
	JOURNAL =      {IEEE Design \& Test},
	YEAR =         {2015},
	volume =       {},
	number = {},
	pages =        {60},
}

@ARTICLE{lish2017,
	AUTHOR =       {M. Li and J. Shi and M. Rahman and S. Khasanvis and S. Bhat and C.A. Moritz},
	TITLE =        {{Skybridge-3D-CMOS: A Fine-Grained 3D CMOS Integrated Circuit Technology}},
	JOURNAL =      {IEEE Trans. Nanotech.},
	YEAR =         {2017},
	volume =       {16},
	number = {4},
	pages =        {639},
}
@book{li2013,
	author = {S.K. Lim},
	title = {Design for High Performance, Low Power, and Reliable 3D Integrated Circuits},
	year = {2013},
	publisher = {Springer},
	pubstate = {New York},
}

@book{elfe2016,
    editors = {I.M. Elfadel and G. Fettweis},
    authors = {I.M. Elfadel and G. Fettweis},
	title = {{3D Stacked Chips}},
	year = {2016},
	publisher = {Springer},
	pubstate = {New York},
}

%---
%end 3D integration
%---


@article{rupa2019,
author = {Rubino, Arianna and Payvand, Melika and Indiveri, Giacomo},
isbn = {9781728109961},
journal = {2019 26th IEEE International Conference on Electronics, Circuits and Systems, ICECS 2019},
pages = {458--461},
title = {{2019 26th IEEE International Conference on Electronics, Circuits and Systems, ICECS 2019}},
year = {2019}
}


@ARTICLE{tobo2019,
	AUTHOR =       {S.K. Tolpygo and V. Bolkhovsky and R. Rastogi and S. Zarr and A.L. Day and E. Golden and T.J. Weir and A. Wynn and L.M. Johnson},
	TITLE =        {{Planarized Fabrication Process With Two Layers of SIS Josephson Junctions and Integration of SIS and SFS $\pi$-Junctions}},
	JOURNAL =      {IEEE Transactions on Applied Superconductivity},
	YEAR =         {2019},
	volume =       {29},
	number = {5},
	pages =        {1101208},
}

@ARTICLE{,
	AUTHOR =       {T. Ando and S. Nagasawa and N. Takeuchi and N. Tsuji and F. China and M. Hidaka and Y. Yamanashi and N. Yoshikawa},
	TITLE =        {{Three-dimensional adiabatic quantum-flux-parametron fabricated using a double-active-layered niobium process}},
	JOURNAL =      {Supercond. Sci. Technol.},
	YEAR =         {2017},
	volume =       {30},
	pages =        {075003},
}

@ARTICLE{vema2012,
	AUTHOR =       {V.B. Verma and F. Marsili and S. Harrington and A.E. Lita and R.P. Mirin and S.W. Nam},
	TITLE =        {A three-dimensional, polarization-insensitive superconducting nanowire avalanche photodetector},
	JOURNAL =      {Appl. Phys. Lett.},
	YEAR =         {2012},
	volume =       {101},
	pages =        {251114},
}

@ARTICLE{wove2019,
	AUTHOR =       {E.E. Wollman and V.B. Verma and A.E. Lita and W.H. Farr and M.D. Shaw and  R.P. Mirin and S.W. Nam},
	TITLE =        {Kilopixel array of superconducting nanowire single-photon detectors},
	JOURNAL =      {Opt. Express},
	YEAR =         {2019},
	volume =       {27},
	pages =        {35279},
}


@ARTICLE{li2005,
	AUTHOR =       {M. Lipson},
	TITLE =        {Guiding, Modulating, and Emitting Light on Silicon-Challenges and Opportunities},
	JOURNAL =      {J. Lightwave Technology},
	YEAR =         {2005},
	volume =       {23},
	pages =        {4222},
}

@ARTICLE{khbu2020,
	AUTHOR =       {S. Khan and S.M. Buckley and J. Chiles and R.P. Mirin and S.W. Nam and J.M. Shainline},
	TITLE =        {{Low-loss, high-bandwidth fiber-to-chip coupling using capped adiabatic tapered fibers}},
	JOURNAL =      {Appl. Phys. Lett. Photonics},
	YEAR =         {2020},
	volume =       {5},
	pages =        {056101},
}

@article{Rev1,
author = {Riccardo Marchetti and Cosimo Lacava and Lee Carroll and Kamil Gradkowski and Paolo Minzioni},
journal = {Photon. Res.},
number = {2},
pages = {201--239},
publisher = {OSA},
title = {Coupling strategies for silicon photonics integrated chips},
volume = {7},
month = {Feb},
year = {2019},
url = {http://www.osapublishing.org/prj/abstract.cfm?URI=prj-7-2-201},
doi = {10.1364/PRJ.7.000201},
}

@article{Rev2,
author = {Lee Carroll and Jun-Su Lee and  Carmelo Scarcella and  Kamil Gradkowski and  Matthieu Duperron and  Huihui Lu and 
Yan Zhao  and  Cormac Eason and  Padraic Morrissey and  Marc Rensing and  Sean Collins and  How Yuan Hwang
and Peter O’Brien},
journal = {Appl. Sci.},
pages = {426},
title = {Photonic Packaging: Transforming Silicon Photonic Integrated Circuits into Photonic Devices},
volume = {6},
year = {2016},
}

@article{Rev3,
author = {Gyeongho Son and Seungjun Han and Jongwoo Park and Kyungmok Kwon and Kyoungsik Yu},
journal = {Nanophotonics},
pages = {1845-1864},
title = {High-efficiency broadband light coupling between optical fibers and photonic integrated circuits},
volume = {7},
number = {12},
year = {2018},
}


@ARTICLE{meor2014,
	AUTHOR =       {K.K. Mehta and J.S. Orcutt and J.M. Shainline and O. Tehar-Zahav and Z. Sternberg and R. Meade and M.A. Popovi{\' c} and Rajeev J. Ram},
	TITLE =        {Polycrystalline silicon ring resonator photodiodes in a bulk complementary metal-oxide-semiconductor process},
	JOURNAL =      {Opt. Lett.},
	YEAR =         {2014},
	volume =       {39},
	pages =        {1061},
}



@ARTICLE{spga2011,
	AUTHOR =       {J.P. Sprengers and A. Gaggero and D. Sahin and S. Jahanmirinejad and G. Frucci and F. Mattioli and R. Leoni and J. Beetz and M. Lermer and M. Kamp and S. H{\" o}fling and R. Sanjines and A. Fiore},
	TITLE =        {Waveguide superconducting single-photon detectors for integrated quantum photonic circuits},
	JOURNAL =      {Appl. Phys. Lett.},
	YEAR =         {2011},
	volume =       {99},
	pages =        {181110},
}

@ARTICLE{shbu2017b,
	AUTHOR =       {J.M. Shainline and S.M. Buckley and N. Nader and C.M. Gentry and K.C. Cossel and J.W. Cleary and M. Popovi\'{c} and N.R. Newbury and S.W. Nam and R.P. Mirin},
	TITLE =        {Room-temperature-deposited dielectrics and superconductors for integrated photonics},
	JOURNAL =      {Opt. Express},
	YEAR =         {2017},
	volume =       {25},
	pages =        {10322},
}

@ARTICLE{pesc2012,
	AUTHOR =       {W. Pernice and C. Schuck and O. Minaeva and M. Li and G. Goltsman and A. Sergienko and H. Tang},
	TITLE =        {High speed travelling wave single-photon detectors with near-unity quantum efficiency},
	JOURNAL =      {Nat. Comm.},
	YEAR =         {2012},
	volume =       {3},
	pages =        {1325},
}

@ARTICLE{feka2015,
	AUTHOR =       {S. Ferrari and O. Kahl and V. Kovalyuk and G.N. Goltsman and A. Korneev and W.H.P. Pernice},
	TITLE =        {Waveguide-integrated single- and multi-photon detecton at telecom wavelengths using superconducting nanowires},
	JOURNAL =      {Appl. Phys. Lett.},
	YEAR =         {2015},
	volume =       {106},
	pages =        {151101},
}

@ARTICLE{saga2015,
	AUTHOR =       {D. Sahin and A. Gaggero and J.-W. Weber and I. Agafonov and M.A. Verheijen and F. Mattioli and J. Beetz and M. Kamp and S. H{\" o}fling and M.C.M. van de Sanden and R. Leoni and and A. Fiore},
	TITLE =        {Waveguide nanowire superconducting single-photon detectors fabricated on GaAs and the study of their optical properties},
	JOURNAL =      {IEEE J. Sel. Top. Quant. Electron.},
	YEAR =         {2015},
	volume =       {21},
	pages =        {3800210},
}

@ARTICLE{suwa2015,
	AUTHOR =       {C. Sun and M.T. Wade and Y. Lee and J.S. Orcutt and L. Alloatti and M.S. Georgas and A.S. Waterman and J.M. Shainline and R.R. Avizienis and S. Lin and B.R. Moss and R. Kumar and F. Pavanello and A.H. Atabaki and H.M. Cook and A.J. Ou and J.C. Leu and Y.-H. Chen and K. Asanovi{\' c} and R.J. Ram and M.A. Popovi{\' c} and V.M. Stojanovi{\' c}},
	TITLE =        {Single-chip microprocessor that communicates directly using light},
	JOURNAL =      {Nature},
	YEAR =         {2015},
	volume =       {528},
	pages =        {534},
}

@ARTICLE{gole1984,
	AUTHOR =       {J.W. Goodman and F.J. Leonberger and S.-Y. Kung and R.A. Athale},
	TITLE =        {Optical interconnections for VLSI systems},
	JOURNAL =      {Proc. IEEE},
	YEAR =         {1984},
	volume =       {72},
	pages =        {850},
}

@ARTICLE{mi2000,
	AUTHOR =       {D.A. Miller},
	TITLE =        {Rationale and challenges for optical interconnects to electronic chips},
	JOURNAL =      {Proc. IEEE},
	YEAR =         {2000},
	volume =       {88},
	pages =        {728},
}

@ARTICLE{wabo2005,
	AUTHOR =       {Robert J. Walters and George I. Bourianoff and Harry A. Atwater},
	TITLE =        {Field-effect electroluminescence in silicon nanocrystals},
	JOURNAL =      {Nature Materials},
	YEAR =         {2005},
	volume =       {4},
	pages =        {143-146},
}


@ARTICLE{brha1986,
	AUTHOR =       {T.G. Brown and D.G. Hall},
	TITLE =        {Observation of electroluminescence from excitons bound to isoelectronic impurities in crystalline silicon},
	JOURNAL =      {J. Appl. Phys.},
	YEAR =         {1986},
	volume =       {59},
	pages =        {1399},
}


@ARTICLE{iyxi1993,
	AUTHOR =       {S. S. Iyer and Y.-H. Xie},
	TITLE =        {Light emission from silicon},
	JOURNAL =      {Science},
	YEAR =         {1993},
	volume =       {260},
	pages =        {40},
}


@ARTICLE{bata2007,
	AUTHOR =       {Jiming Bao and Malek Tabbael and Taegon Kim and Supakit Charnvanichborikarn and James S. Williams and Michael J. Aziz and Federico Capasso},
	TITLE =        {Point defect engineered Si sub-band gap light-emitting diode},
	JOURNAL =      {Opt. Express},
	YEAR =         {2007},
	volume =       {15},
	pages =        {6727},
}


@ARTICLE{kvba2004,
	AUTHOR =       {V. Kveder and M. Badylevich and E. Steinman and A. Izotov and M. Seibt and W. Schr{\" o}ter},
	TITLE =        {Room-temperature silicon light-emitting diodes based on dislocation luminescence},
	JOURNAL =      {Appl. Phys. Lett.},
	YEAR =         {2004},
	volume =       {84},
	pages =        {2106},
}

@ARTICLE{brbr1989,
	AUTHOR =       {P.L. Bradfield and T.G. Brown and D.G. Hall},
	TITLE =        {Electroluminescence from sulfur impurities in an p-n junction formed in epitaxial silicon},
	JOURNAL =      {Appl. Phys. Lett.},
	YEAR =         {1989},
	volume =       {55},
	pages =        {100},
}



@ARTICLE{enpo1985,
	AUTHOR =       {H. Ennen and G. Pomrenke and A. Axmann and K. Eisele and W. Haydl and J. Schneider},
	TITLE =        {1.54 $\mu$ m electroluminescence of erbium-doped silicon grown by molecular beam epitaxy},
	JOURNAL =      {Appl. Phys. Lett.},
	YEAR =         {1985},
	volume =       {46},
	pages =        {381},
}


@ARTICLE{paga1996,
	AUTHOR =       {J. Palm and F. Gan and B. Zheng and J. Michel and L.C. Kimerling},
	TITLE =        {Electroluminescence of erbium-doped silicon},
	JOURNAL =      {Phys. Rev. B},
	YEAR =         {1996},
	volume =       {54},
	pages =        {17603},
}

@ARTICLE{rosh2007b,
	AUTHOR =       {E. Rotem and J.M. Shainline and J.M. Xu},
	TITLE =        {Electroluminescence of nanopatterned silicon with carbon implantation and solid phase epitaxial regrowth},
	JOURNAL =      {Opt. Express},
	YEAR =         {2007},
	volume =       {15},
	pages =        {14099},
}

@ARTICLE{nglo2001,
	AUTHOR =       {Wai Lek Ng and M. A. Lourenco and R. M. Gwilliam and S. Ledain ang G. Shao and K. P. Homewood},
	TITLE =        {An efficient room-temperature silicon-based light-emitting diode},
	JOURNAL =      {Nature},
	YEAR =         {2001},
	volume =       {410},
	pages =        {192},
}

@ARTICLE{brbr1989,
	AUTHOR =       {P.L. Bradfield and T.G. Brown and D.G. Hall},
	TITLE =        {Electroluminescence from sulfur impurities in an p-n junction formed in epitaxial silicon},
	JOURNAL =      {Appl. Phys. Lett.},
	YEAR =         {1989},
	volume =       {55},
	pages =        {100},
}

@ARTICLE{grzh2001,
	AUTHOR =       {Martin A. Green and Jianhua Zaho and Aihua Wang and Peter J. Reese and Michael Gal},
	TITLE =        {Efficient silicon light-emitting diodes},
	JOURNAL =      {Nature},
	YEAR =         {2001},
	volume =       {412},
	pages =        {805},
}

@article{Fadaly2020,
author = {Fadaly, Elham M.T. and Dijkstra, Alain and Suckert, Jens Ren{\`{e}} and Ziss, Dorian and van Tilburg, Marvin A.J. and Mao, Chenyang and Ren, Yizhen and van Lange, Victor T. and Korzun, Ksenia and K{\"{o}}lling, Sebastian and Verheijen, Marcel A. and Busse, David and R{\"{o}}dl, Claudia and Furthm{\"{u}}ller, J{\"{u}}rgen and Bechstedt, Friedhelm and Stangl, Julian and Finley, Jonathan J. and Botti, Silvana and Haverkort, Jos E.M. and Bakkers, Erik P.A.M.},
doi = {10.1038/s41586-020-2150-y},
eprint = {1911.00726},
issn = {14764687},
journal = {Nature},
number = {7802},
pages = {205--209},
pmid = {32269353},
publisher = {Springer US},
title = {{Direct-bandgap emission from hexagonal Ge and SiGe alloys}},
url = {http://dx.doi.org/10.1038/s41586-020-2150-y},
volume = {580},
year = {2020}
}

@ARTICLE{crsa2017,
	AUTHOR =       {G. Crosnier and D. Sanchez and S. Bouchoule and P. Monnier and G. Beaudoin and I. Sagnes and R. Raj and F. Raineri},
	TITLE =        {{Hybrid indium phosphide-on-silicon nanolaser diode}},
	JOURNAL =      {Nat. Photon.},
	YEAR =         {2017},
	volume =       {11},
	pages =        {297},
}

@ARTICLE{zhha2018,
	AUTHOR =       {J. Zhang and B. Haq and J. O'Callaghan and A. Gocalinska and E. Pelucchi and A.J. Trindade and B. Corbett and G. Morthier and G. Roelkens},
	TITLE =        {{Transfer-printing-based integration of a III-V-on-silicon distributed feedback laser}},
	JOURNAL =      {Opt. Express},
	YEAR =         {2018},
	volume =       {26},
	pages =        {8821},
}

@ARTICLE{huli2019,
	AUTHOR =       {Y. Hu and D. Liang and K. Mikherjee and Y. Li and C. Zhang and G. Kurcveil and X. Huang and R.G. Beausoleil},
	TITLE =        {{III/V-on-Si MQW lasers by using a novel photonic integration method of regrowth on a bonding template}},
	JOURNAL =      {Light: Science \& Applications},
	YEAR =         {2019},
	volume =       {8},
	pages =        {93},
}

@ARTICLE{szha2019,
	AUTHOR =       {B. Szelag and K. Hassan and L. Adelmini and E. Ghegin and P. Rodriguez and F. Nemouchi and P. Brianceau and E. Vermande and A. Schembri and D. Carrara and P. Cavali\'{e} and F. Franchin and M.-C. Roure and L. Sanchez and C. Jany and S. Olivier},
	TITLE =        {{Hybrid iii-V/Silicon Technology for Laser Integration on a 200-mm Fully CMOS-Compatible Silicon Photonics Platform}},
	JOURNAL =      {IEEE J. Sel. Top. Quant. Electron.},
	YEAR =         {2019},
	volume =       {25},
	pages =        {8201210},
}
@ARTICLE{haxu2021,
	AUTHOR =       {Y. Han and Y. Xue and Z. Yan and K.M. Lau},
	TITLE =        {{Selectively Grown III-V Lasers for Integrated Si-Photonics}},
	JOURNAL =      {J. Lightwave Technol.},
	YEAR =         {2021},
	volume =       {39},
	pages =        {940},
}

@ARTICLE{bere2018,
	AUTHOR =       {C. Beaufils and W. Redjem and E. Rousseau and V. Jacques and A.Y. Kuznetsov and C. Raynaud and C. Voisin and A. Benali and T. Herzig and S. Pezzagna and J. Meijer and M. Abbarchi and G. cassabois},
	TITLE =        {{Optical properties of an ensembe of G-centers in silicon}},
	JOURNAL =      {Phys. Rev. B},
	YEAR =         {2018},
	volume =       {97},
	pages =        {035303},
}


@ARTICLE{sa1958,
	AUTHOR =       {D.J. Sandiford},
	TITLE =        {{Temperature Dependence of Carrier Lifetime in Silicon}},
	JOURNAL =      {Proc. Phys. Soc.},
	YEAR =         {1958},
	volume =       {71},
	pages =        {1002},
}

@ARTICLE{mi1989,
	AUTHOR =       {D.A.B. Miller},
	TITLE =        {{Optics for low-energy communication inside digital processors: quantum detectors, sources, and modulators as efficient impedance converters}},
	JOURNAL =      {Opt. Lett.},
	YEAR =         {1989},
	volume =       {14},
	pages =        {146},
}


@ARTICLE{mo1997,
	AUTHOR =       {V.B. Mountcastle},
	TITLE =        {The columnar organization of the neocortex},
	JOURNAL =      {Brain},
	YEAR =         {1997},
	volume =       {120},
	pages =        {701},
}

@Book{mo1978,
author = {V.B. Mountcastle},
title = {An {O}rganizing {P}rinciple for {C}erebral {F}unction: {T}he {U}nit {M}odule and the {D}istributed {S}ystem},
publisher = {The MIT Press},
year = {1978},
maintitle = {The {M}indful {B}rain: {C}ortical {O}rganization and the {G}roup-{S}elective {T}heory of {H}igher {B}rain {F}unction},
}


@ARTICLE{bosp2015,
	AUTHOR =       {M. Bota and O. Sporns and L.W. Swanson},
	TITLE =        {Architecture of the cerebral cortical association connectome underlying cognition},
	JOURNAL =      {PNAS},
	YEAR =         {2015},
	volume =       {},
	pages =        {E2093},
}


@ARTICLE{beba2017,
	AUTHOR =       {R.F. Betzel and D.S. Bassett},
	TITLE =        {Multi-scale brain networks},
	JOURNAL =      {NeuroImage},
	YEAR =         {2017},
	volume =       {160},
	pages =        {73},
}

@ARTICLE{mela2010,
	AUTHOR =       {D. Meunier and R. Lambiotte and E.T. Bullmore},
	TITLE =        {{Modular and hierarchically modular organization of brain networks}},
	JOURNAL =      {Frontiers in Neuroscience},
	YEAR =         {2010},
	volume =       {4},
	number =      {200},
	pages =        {1},
}

@ARTICLE{si1962,
	AUTHOR =       {H.A. Simon},
	TITLE =        {The {A}rchitecture of {C}omplexity},
	JOURNAL =      {Proc. Amer. Phil. Soc.},
	YEAR =         {1962},
	volume =       {106},
	pages =        {467},
}

@ARTICLE{busp2012,
	AUTHOR =       {E. Bullmore and O. Sporns},
	TITLE =        {The economy of brain network organization},
	JOURNAL =      {Nature Reviews Neuroscience},
	YEAR =         {2012},
	volume =       {13},
	pages =        {336},
}
