%------------
%mosfet neuro
%------------

@ARTICLE{chst2014,
	AUTHOR =       {E. Chicca and F. Stefanini and C. Bartolozzi and G. Indiveri},
	TITLE =        {{Neuromorphic Electronic Circuits for Building Autonomous Cognitive Systems}},
	JOURNAL =      {IEEE J. Sel. Top. Quant. Electron.},
	YEAR =         {2020},
	volume =       {26},	
	pages =        {7700315},
}

@BOOK{me1989,
	AUTHOR =       {C. Mead},
	TITLE =        {{Analog VLSI and Neural Systems}},
	PUBLISHER =    {Addison-Wesley},
	YEAR =         {1989},
	edition =       {First},
	address =      {New York},
}
@ARTICLE{inli2011,
	AUTHOR =       {G. Indiveri and B. Linares-Barranco and T.J. Hamilton and A. van Schaik and R. Etienne-Cummings and T. Delbruck and S.-C. Liu and P. Dudek and P. H\"{a}fliger and S. Renaud and J. Schemmel and G. Cauwenberghs and J. Arthur and K. Hynna and F. Folowosele and S. Saighi and T. Serrano-Gotarredona and J. Wijekoon and Y. Wang and K. Boahen},
	TITLE =        {Neuromorphic silicon neuron circuits},
	JOURNAL =      {Front. Neurosci.},
	YEAR =         {2011},
	volume =       {73},
	pages =        {73},
}
%----------------
%end mosfet neuro
%----------------

%-----
%soens
%-----

@ARTICLE{sh2020,
	AUTHOR =       {J.M. Shainline},
	TITLE =        {{Fluxonic Processing of Photonic Synapse Events}},
	JOURNAL =      {IEEE J. Sel. Top. Quant. Electron.},
	YEAR =         {2020},
	volume =       {26},	
	pages =        {7700315},
}

@ARTICLE{shbu2019,
	AUTHOR =       {J.M. Shainline and S.M. Buckley and A.N. McCaughan and J. Chiles and A. Jafari-Salim and M. Castellanos-Beltran and C.A. Donnelly and M.L. Schneider and R.P. Mirin and S.W. Nam},
	TITLE =        {{Superconducting Optoelectronic Loop Neurons}},
	JOURNAL =      {J. Appl. Phys.},
	YEAR =         {2019},
	volume =       {126},	
	pages =        {044902},
}

@inproceedings{sh2018_ICRC,
	author = {J.M. Shainline},
	booktitle = {IEEE International Conference on Rebooting Computing},
	month = {Nov.},
	publisher = {IEEE},
	title = {The largest cognitive systems will be optoelectronic},
	year = {2018}
}

@ARTICLE{shbu2018,
	AUTHOR =       {J.M. Shainline and S.M. Buckley and A.N. McCaughan and J. Chiles and A. Jafari-Salim and R.P. Mirin and S.W. Nam},
	TITLE =        {Circuit designs for superconducting optoelectronic loop neurons},
	JOURNAL =      {J. Appl. Phys.},
	YEAR =         {2018},
	volume =       {124},	
	pages =        {152130},
}

@ARTICLE{shbu2017,
	AUTHOR =       {J.M. Shainline and S.M. Buckley and R.P. Mirin and S.W. Nam},
	TITLE =        {Superconducting optoelectronic circuits for neuromorphic computing},
	JOURNAL =      {Phys. Rev. App.},
	YEAR =         {2017},
	volume =       {7},
	pages =        {034013},
}

%---------
%end soens
%---------

%---------------------
%optical communication
%---------------------

@book{ra2012,
	AUTHOR =       {B. Razavi},
	year = {2012},
	title = {{Design of Integrated Circuits for Optical Communications}},
	edition = {second},
	publisher = {Wiley},
	location = {Hoboken, New Jersey},
}

%-------------------------
%end optical communication
%-------------------------

%--------------------------
%synaptic plasticity/memory
%--------------------------

@ARTICLE{amfu1994,
	AUTHOR =       {D.J. Amit and S. Fusi},
	TITLE =        {Learning in Neural Networks with Material Synapses},
	JOURNAL =      {Neural Computation},
	YEAR =         {1994},
	volume =       {6},
	pages =        {957},
}

@ARTICLE{fudr2005,
	AUTHOR =       {S. Fusi and P.J. Drew and L.F. Abbott},
	TITLE =        {Casdcade models of synaptically stored memories},
	JOURNAL =      {Neuron},
	YEAR =         {2005},
	volume =       {45},
	pages =        {599},
}

@ARTICLE{fuab2007,
	AUTHOR =       {S. Fusi and L.F. Abbott},
	TITLE =        {Limits on the memory storage capacity of bounded synapses},
	JOURNAL =      {Nature Neuroscience},
	YEAR =         {2007},
	volume =       {10},
	pages =        {485},
}

%------------------------------
%end synaptic plasticity/memory
%------------------------------